% Encoding: UTF-8


@article {And92,
    AUTHOR = {Andersen, Henning Haahr},
     TITLE = {Tensor products of quantized tilting modules},
   JOURNAL = {Comm. Math. Phys.},
  FJOURNAL = {Communications in Mathematical Physics},
    VOLUME = {149},
      YEAR = {1992},
    NUMBER = {1},
     PAGES = {149--159},
      ISSN = {0010-3616},
   MRCLASS = {17B37 (16G10 57N10 81R50 81T40)},
  MRNUMBER = {1182414},
MRREVIEWER = {Jie Du},
       URL = {http://projecteuclid.org.proxy.lib.ohio-state.edu/euclid.cmp/1104251142},
}

@Article{AP95,
  author     = {Andersen, Henning Haahr and Paradowski, Jan},
  title      = {Fusion categories arising from semisimple {L}ie algebras},
  issn       = {0010-3616},
  number     = {3},
  pages      = {563--588},
  url        = {http://projecteuclid.org/euclid.cmp/1104272854},
  volume     = {169},
  fjournal   = {Communications in Mathematical Physics},
  journal    = {Comm. Math. Phys.},
  mrclass    = {17B37 (17B10 17B67 20G05 20G15)},
  mrnumber   = {1328736},
  mrreviewer = {Timo Neuvonen},
  year       = {1995},
}

@Article{APW95,
  author   = {Andersen, H. H. and Polo, P. and Wen, K.},
  title    = {Addendum: ``{R}epresentations of quantum algebras'' [{I}nvent.\ {M}ath.\ {\bf 104} (1991), no.\ 1, 1--59; {MR}1094046 (92e:17011)]},
  doi      = {10.1007/BF01241135},
  issn     = {0020-9910},
  number   = {2},
  pages    = {409--410},
  url      = {https://doi-org.proxy.lib.ohio-state.edu/10.1007/BF01241135},
  volume   = {120},
  fjournal = {Inventiones Mathematicae},
  journal  = {Invent. Math.},
  mrclass  = {17B37 (16W30 20G05)},
  mrnumber = {1329048},
  year     = {1995},
}

@Article{APW91,
  author     = {Andersen, Henning Haahr and Polo, Patrick and Wen, Ke Xin},
  title      = {Representations of quantum algebras},
  doi        = {10.1007/BF01245066},
  issn       = {0020-9910},
  number     = {1},
  pages      = {1--59},
  url        = {https://doi-org.libezp.lib.lsu.edu/10.1007/BF01245066},
  volume     = {104},
  fjournal   = {Inventiones Mathematicae},
  journal    = {Invent. Math.},
  mrclass    = {17B37 (16W30 20G05)},
  mrnumber   = {1094046},
  mrreviewer = {Jie Du},
  year       = {1991},
}

@Article{AM88,
  author     = {Anderson, Greg and Moore, Greg},
  title      = {Rationality in conformal field theory},
  issn       = {0010-3616},
  number     = {3},
  pages      = {441--450},
  url        = {http://projecteuclid.org/euclid.cmp/1104161742},
  volume     = {117},
  fjournal   = {Communications in Mathematical Physics},
  journal    = {Comm. Math. Phys.},
  mrclass    = {81E99 (17B99 81E40)},
  mrnumber   = {953832},
  mrreviewer = {K. Schoutens},
  year       = {1988},
}

@Article{AFT16,
  author       = {Eddy Ardonne and Peter E.~Finch and Matthew Titsworth},
  title        = {Classification of metaplectic fusion categories},
  volume       = {1608.03762},
  journal      = {arXiv preprint},
  primaryclass = {math.QA},
  year         = {2016},
}

@Article{Arf41,
  author     = {Arf, Cahit},
  title      = {Untersuchungen \"{u}ber quadratische {F}ormen in {K}\"{o}rpern der {C}harakteristik 2. {I}},
  doi        = {10.1515/crll.1941.183.148},
  issn       = {0075-4102},
  pages      = {148--167},
  url        = {https://doi-org.libezp.lib.lsu.edu/10.1515/crll.1941.183.148},
  volume     = {183},
  fjournal   = {Journal f\"{u}r die Reine und Angewandte Mathematik. [Crelle's Journal]},
  journal    = {J. Reine Angew. Math.},
  mrclass    = {09.0X},
  mrnumber   = {8069},
  mrreviewer = {O. F. G. Schilling},
  year       = {1941},
}

@Article{Ati88,
  author     = {Atiyah, Michael},
  title      = {Topological quantum field theories},
  issn       = {0073-8301},
  number     = {68},
  pages      = {175--186 (1989)},
  url        = {http://www.numdam.org.proxy.lib.ohio-state.edu/item?id=PMIHES_1988__68__175_0},
  coden      = {PMIHA6},
  fjournal   = {Institut des Hautes \'Etudes Scientifiques. Publications Math\'ematiques},
  journal    = {Inst. Hautes \'Etudes Sci. Publ. Math.},
  mrclass    = {57R55 (58E15 81E13 81E40)},
  mrnumber   = {1001453},
  mrreviewer = {Matthias Blau},
  year       = {1988},
}

@Article{BS09,
  author    = {Bais, F. A. and Slingerland, J. K.},
  title     = {Condensate-induced transitions between topologically ordered phases},
  doi       = {10.1103/PhysRevB.79.045316},
  issue     = {4},
  pages     = {045316},
  url       = {https://link.aps.org/doi/10.1103/PhysRevB.79.045316},
  volume    = {79},
  journal   = {Phys. Rev. B},
  month     = {Jan},
  numpages  = {27},
  publisher = {American Physical Society},
  year      = {2009},
}

@Book{BK01,
  author     = {Bakalov, Bojko and Kirillov, Jr., Alexander},
  title      = {Lectures on tensor categories and modular functors},
  isbn       = {0-8218-2686-7},
  pages      = {x+221},
  publisher  = {American Mathematical Society, Providence, RI},
  series     = {University Lecture Series},
  volume     = {21},
  mrclass    = {18D10 (17B37 57M27 57R56 81R50 81T40 81T45)},
  mrnumber   = {1797619},
  mrreviewer = {J. Stasheff},
  year       = {2001},
}

@article {BHMV1,
    AUTHOR = {Blanchet, C. and Habegger, N. and Masbaum, G. and Vogel, P.},
     TITLE = {Three-manifold invariants derived from the {K}auffman bracket},
   JOURNAL = {Topology},
  FJOURNAL = {Topology. An International Journal of Mathematics},
    VOLUME = {31},
      YEAR = {1992},
    NUMBER = {4},
     PAGES = {685--699},
      ISSN = {0040-9383},
   MRCLASS = {57M25 (57N10)},
  MRNUMBER = {1191373},
MRREVIEWER = {Christine Lescop},
       DOI = {10.1016/0040-9383(92)90002-Y},
       URL = {https://doi-org.libezp.lib.lsu.edu/10.1016/0040-9383(92)90002-Y},
}

@article {BHMV2,
    AUTHOR = {Blanchet, C. and Habegger, N. and Masbaum, G. and Vogel, P.},
     TITLE = {Topological quantum field theories derived from the {K}auffman
              bracket},
   JOURNAL = {Topology},
  FJOURNAL = {Topology. An International Journal of Mathematics},
    VOLUME = {34},
      YEAR = {1995},
    NUMBER = {4},
     PAGES = {883--927},
      ISSN = {0040-9383},
   MRCLASS = {57N10 (57M25 81T40)},
  MRNUMBER = {1362791},
MRREVIEWER = {Justin D. Roberts},
       DOI = {10.1016/0040-9383(94)00051-4},
       URL = {https://doi-org.libezp.lib.lsu.edu/10.1016/0040-9383(94)00051-4},
}

@article {dBG,
    AUTHOR = {de Boer, Jan and Goeree, Jacob},
     TITLE = {Markov traces and {${\rm II}_1$} factors in conformal field
              theory},
   JOURNAL = {Comm. Math. Phys.},
  FJOURNAL = {Communications in Mathematical Physics},
    VOLUME = {139},
      YEAR = {1991},
    NUMBER = {2},
     PAGES = {267--304},
      ISSN = {0010-3616},
   MRCLASS = {81T40 (46L60 46N50)},
  MRNUMBER = {1120140},
}

@article {DB12,
    AUTHOR = {Booker, Thomas and Davydov, Alexei},
     TITLE = {Commutative algebras in {F}ibonacci categories},
   JOURNAL = {J. Algebra},
  FJOURNAL = {Journal of Algebra},
    VOLUME = {355},
      YEAR = {2012},
     PAGES = {176--204},
      ISSN = {0021-8693},
   MRCLASS = {18D10 (17B69 81R10 81T40)},
  MRNUMBER = {2889539},
MRREVIEWER = {Ram\'{o}n Gonz\'{a}lez Rodr\'{\i}guez},
       DOI = {10.1016/j.jalgebra.2011.12.029},
       URL = {https://doi-org.libezp.lib.lsu.edu/10.1016/j.jalgebra.2011.12.029},
}

@Article{Bru00,
  author     = {Brugui\`eres, Alain},
  title      = {Cat\'egories pr\'emodulaires, modularisations et invariants des vari\'et\'es de dimension 3},
  doi        = {10.1007/s002080050011},
  issn       = {0025-5831},
  number     = {2},
  pages      = {215--236},
  url        = {http://dx.doi.org/10.1007/s002080050011},
  volume     = {316},
  fjournal   = {Mathematische Annalen},
  journal    = {Math. Ann.},
  mrclass    = {18D10 (57M25 57M27 57N10)},
  mrnumber   = {1741269},
  mrreviewer = {Florian L. Deloup},
  year       = {2000},
}

@Article{BN11,
  author     = {Brugui\`eres, Alain and Natale, Sonia},
  title      = {Exact sequences of tensor categories},
  doi        = {10.1093/imrn/rnq294},
  issn       = {1073-7928},
  number     = {24},
  pages      = {5644--5705},
  url        = {https://doi-org.libezp.lib.lsu.edu/10.1093/imrn/rnq294},
  fjournal   = {International Mathematics Research Notices. IMRN},
  journal    = {Int. Math. Res. Not. IMRN},
  mrclass    = {18D10 (16T05)},
  mrnumber   = {2863377},
  mrreviewer = {Iv\'{a}n Ezequiel Angiono},
  year       = {2011},
}

@Article{Fermion17,
  author     = {Bruillard, Paul and Galindo, C\'{e}sar and Hagge, Tobias and Ng, Siu-Hung and Plavnik, Julia Yael and Rowell, Eric C. and Wang, Zhenghan},
  title      = {Fermionic modular categories and the 16-fold way},
  doi        = {10.1063/1.4982048},
  issn       = {0022-2488},
  number     = {4},
  pages      = {041704, 31},
  url        = {https://doi-org.libezp.lib.lsu.edu/10.1063/1.4982048},
  volume     = {58},
  fjournal   = {Journal of Mathematical Physics},
  journal    = {J. Math. Phys.},
  mrclass    = {81V35},
  mrnumber   = {3641612},
  mrreviewer = {Tim Raeymaekers},
  year       = {2017},
}

@Article{IntModFP,
  author     = {Bruillard, Paul and Galindo, C\'{e}sar and Hong, Seung-Moon and Kashina, Yevgenia and Naidu, Deepak and Natale, Sonia and Plavnik, Julia Yael and Rowell, Eric C.},
  title      = {Classification of integral modular categories of {F}robenius-{P}erron dimension {$pq^4$} and {$p^2q^2$}},
  doi        = {10.4153/CMB-2013-042-6},
  issn       = {0008-4395},
  number     = {4},
  pages      = {721--734},
  url        = {https://doi-org.libezp.lib.lsu.edu/10.4153/CMB-2013-042-6},
  volume     = {57},
  fjournal   = {Canadian Mathematical Bulletin. Bulletin Canadien de Math\'{e}matiques},
  journal    = {Canad. Math. Bull.},
  mrclass    = {18D10},
  mrnumber   = {3270794},
  mrreviewer = {Jos\'{e} N. Alonso \'{A}lvarez},
  year       = {2014},
}

@Article{SMCat19,
  author    = {Paul Bruillard and C{\'{e}}sar Galindo and Siu-Hung Ng and Julia Y. Plavnik and Eric C. Rowell and Zhenghan Wang},
  title     = {Classification of Super-Modular Categories by Rank},
  doi       = {10.1007/s10468-019-09873-9},
  journal   = {Algebras and Representation Theory},
  month     = {mar},
  publisher = {Springer Science and Business Media {LLC}},
  year      = {2019},
}

@Article{WeakInt,
  author     = {Bruillard, Paul and Galindo, C\'{e}sar and Ng, Siu-Hung and Plavnik, Julia Y. and Rowell, Eric C. and Wang, Zhenghan},
  title      = {On the classification of weakly integral modular categories},
  doi        = {10.1016/j.jpaa.2015.11.010},
  issn       = {0022-4049},
  number     = {6},
  pages      = {2364--2388},
  url        = {https://doi-org.libezp.lib.lsu.edu/10.1016/j.jpaa.2015.11.010},
  volume     = {220},
  fjournal   = {Journal of Pure and Applied Algebra},
  journal    = {J. Pure Appl. Algebra},
  mrclass    = {18D10},
  mrnumber   = {3448800},
  mrreviewer = {David Penneys},
  year       = {2016},
}

@Article{Rank5,
  author     = {Bruillard, Paul and Ng, Siu-Hung and Rowell, Eric C. and Wang, Zhenghan},
  title      = {On classification of modular categories by rank},
  doi        = {10.1093/imrn/rnw020},
  issn       = {1073-7928},
  number     = {24},
  pages      = {7546--7588},
  url        = {https://doi-org.libezp.lib.lsu.edu/10.1093/imrn/rnw020},
  volume     = {2016},
  fjournal   = {International Mathematics Research Notices. IMRN},
  journal    = {Int. Math. Res. Not. IMRN},
  mrclass    = {18D10},
  mrnumber   = {3632091},
  mrreviewer = {Nadia P. Mazza},
  year       = {2016},
}

@Article{RankFinite,
  author     = {Bruillard, Paul and Ng, Siu-Hung and Rowell, Eric C. and Wang, Zhenghan},
  title      = {Rank-finiteness for modular categories},
  doi        = {10.1090/jams/842},
  issn       = {0894-0347},
  number     = {3},
  pages      = {857--881},
  url        = {https://doi-org.libezp.lib.lsu.edu/10.1090/jams/842},
  volume     = {29},
  fjournal   = {Journal of the American Mathematical Society},
  journal    = {J. Amer. Math. Soc.},
  mrclass    = {18D10 (57R56 81R50)},
  mrnumber   = {3486174},
  mrreviewer = {Yasuyuki Kawahigashi},
  year       = {2016},
}

@Article{BPR19,
  author     = {Bruillard, Paul and Plavnik, Julia Yael and Rowell, Eric C.},
  title      = {Modular categories of dimension {$p^3m$} with {$m$} square-free},
  doi        = {10.1090/proc/13776},
  issn       = {0002-9939},
  number     = {1},
  pages      = {21--34},
  url        = {https://doi-org.libezp.lib.lsu.edu/10.1090/proc/13776},
  volume     = {147},
  fjournal   = {Proceedings of the American Mathematical Society},
  journal    = {Proc. Amer. Math. Soc.},
  mrclass    = {18D10 (16T05)},
  mrnumber   = {3876728},
  mrreviewer = {Luz Adriana Mej\'{\i}a Casta\~{n}o},
  year       = {2019},
}

@Article{BPRZ19a,
  author       = {Paul Bruillard and Julia Y.~Plavnik and Eric C.~Rowell and Qing Zhang},
  title        = {Classification of super-modular categories},
  volume       = {1909.09843v1},
  journal      = {arXiv preprint},
  primaryclass = {math.QA},
  year         = {2019},
}

@Article{BR12,
  author     = {Bruillard, Paul and Rowell, Eric C.},
  title      = {Modular categories, integrality and {E}gyptian fractions},
  doi        = {10.1090/S0002-9939-2011-11476-X},
  issn       = {0002-9939},
  number     = {4},
  pages      = {1141--1150},
  url        = {https://doi-org.libezp.lib.lsu.edu/10.1090/S0002-9939-2011-11476-X},
  volume     = {140},
  fjournal   = {Proceedings of the American Mathematical Society},
  journal    = {Proc. Amer. Math. Soc.},
  mrclass    = {18D10 (11D68 11Y50 16T05)},
  mrnumber   = {2869100},
  mrreviewer = {Ram\'{o}n Gonz\'{a}lez Rodr\'{\i}guez},
  year       = {2012},
}

@InCollection{BB02,
  author     = {Brylinski, Jean-Luc and Brylinski, Ranee},
  booktitle  = {Mathematics of quantum computation},
  title      = {Universal quantum gates},
  pages      = {101--116},
  publisher  = {Chapman \& Hall/CRC, Boca Raton, FL},
  series     = {Comput. Math. Ser.},
  mrclass    = {81P68 (68Q05)},
  mrnumber   = {2007944 (2005e:81040)},
  mrreviewer = {Hoi-Kwong Lo},
  year       = {2002},
}


@article{BCFV14,
    title = {Exactly soluble model of a three-dimensional symmetry-protected topological phase of bosons with surface topological order},
    author = {Burnell, F. J. and Chen, Xie and Fidkowski, Lukasz and Vishwanath, Ashvin},
    journal = {Phys. Rev. B},
    volume = {90},
    issue = {24},
    pages = {245122},
    numpages = {8},
    year = {2014},
    month = {Dec},
    publisher = {American Physical Society},
    doi = {10.1103/PhysRevB.90.245122},
    url = {https://link.aps.org/doi/10.1103/PhysRevB.90.245122}
}

@Article{CGNWi,
  author  = {Luca Candelori and Patrick M. Gilmer and Siu-Hung Ng and Yilong Wang},
  title   = {Integrality of metaplectic representations of modular categories},
  journal = {In preparation},
}

@Article{CNWi,
  author  = {Liang Chang and Siu-Hung Ng and Yilong Wang},
  title   = {On the Torelli group actions in {RT}-{TQFT}s},
  journal = {In preparation},
}

@Article{CG94,
  author     = {Coste, A. and Gannon, T.},
  title      = {Remarks on {G}alois symmetry in rational conformal field theories},
  doi        = {10.1016/0370-2693(94)91226-2},
  issn       = {0370-2693},
  number     = {3-4},
  pages      = {316--321},
  url        = {https://doi-org.libezp.lib.lsu.edu/10.1016/0370-2693(94)91226-2},
  volume     = {323},
  fjournal   = {Physics Letters. B. Particle Physics, Nuclear Physics and Cosmology},
  journal    = {Phys. Lett. B},
  mrclass    = {81R10 (11F22 11Z05 17B68 81T40)},
  mrnumber   = {1266785},
  mrreviewer = {Patrick Roberts},
  year       = {1994},
}










%%%%%%%%%%%%%%%%%%%%%%%%%%%%%%%%%%%%%%%%%%%%%%%%%%%%%%%%%%%%%%%%
%%%%%%%%%%%%%%%%%%%%%%%%%%%%%%%%%%%%%%%%%%%%%%%%%%%%%%%%%%%%%%%%


%classifying rank 6

@PhdThesis{Cre18,
  author = {Creamer, Daniel},
  title  = {A computational approach to classifying low rank modular tensor categories},
  school = {Texas A\&M University},
  year   = {2018},
}

@Article{CW15,
  author   = {Cui, Shawn X. and Wang, Zhenghan},
  title    = {Universal quantum computation with metaplectic anyons},
  doi      = {10.1063/1.4914941},
  issn     = {0022-2488},
  number   = {3},
  pages    = {032202, 18},
  url      = {http://dx.doi.org.proxy.lib.ohio-state.edu/10.1063/1.4914941},
  volume   = {56},
  fjournal = {Journal of Mathematical Physics},
  journal  = {J. Math. Phys.},
  mrclass  = {81P68},
  mrnumber = {3390917},
  year     = {2015},
}



@article {DMNO,
    AUTHOR = {Davydov, Alexei and M\"{u}ger, Michael and Nikshych, Dmitri and
              Ostrik, Victor},
     TITLE = {The {W}itt group of non-degenerate braided fusion categories},
   JOURNAL = {J. Reine Angew. Math.},
  FJOURNAL = {Journal f\"{u}r die Reine und Angewandte Mathematik. [Crelle's
              Journal]},
    VOLUME = {677},
      YEAR = {2013},
     PAGES = {135--177},
      ISSN = {0075-4102},
   MRCLASS = {18D10 (16T05)},
  MRNUMBER = {3039775},
MRREVIEWER = {Sonia Natale},
       DOI = {10.1515/crelle.2012.014},
       URL = {https://doi-org.libezp.lib.lsu.edu/10.1515/crelle.2012.014},
}

@Article{DNO,
  author     = {Davydov, Alexei and Nikshych, Dmitri and Ostrik, Victor},
  title      = {On the structure of the {W}itt group of braided fusion categories},
  doi        = {10.1007/s00029-012-0093-3},
  issn       = {1022-1824},
  number     = {1},
  pages      = {237--269},
  url        = {https://doi-org.libezp.lib.lsu.edu/10.1007/s00029-012-0093-3},
  volume     = {19},
  fjournal   = {Selecta Mathematica. New Series},
  journal    = {Selecta Math. (N.S.)},
  mrclass    = {18D10 (17B67)},
  mrnumber   = {3022755},
  mrreviewer = {Sorin D\u{a}sc\u{a}lescu},
  year       = {2013},
}

@Article{Del02,
  author     = {Deligne, P.},
  title      = {Cat\'{e}gories tensorielles},
  doi        = {10.17323/1609-4514-2002-2-2-227-248},
  issn       = {1609-3321},
  number     = {2},
  pages      = {227--248},
  url        = {https://doi.org/10.17323/1609-4514-2002-2-2-227-248},
  volume     = {2},
  fjournal   = {Moscow Mathematical Journal},
  journal    = {Mosc. Math. J.},
  mrclass    = {18D10 (18E30 20C99)},
  mrnumber   = {1944506},
  mrreviewer = {Viktor Ostrik},
  year       = {2002},
}

@InCollection{Del90,
  author     = {Deligne, P.},
  booktitle  = {The {G}rothendieck {F}estschrift, {V}ol. {II}},
  title      = {Cat\'{e}gories tannakiennes},
  pages      = {111--195},
  publisher  = {Birkh\"{a}user Boston, Boston, MA},
  series     = {Progr. Math.},
  volume     = {87},
  mrclass    = {14A99 (12H05 18A99)},
  mrnumber   = {1106898},
  mrreviewer = {James Milne},
  year       = {1990},
}

@Article{DLN15,
  author     = {Dong, Chongying and Lin, Xingjun and Ng, Siu-Hung},
  title      = {Congruence property in conformal field theory},
  doi        = {10.2140/ant.2015.9.2121},
  issn       = {1937-0652},
  number     = {9},
  pages      = {2121--2166},
  url        = {https://doi-org.libezp.lib.lsu.edu/10.2140/ant.2015.9.2121},
  volume     = {9},
  fjournal   = {Algebra \& Number Theory},
  journal    = {Algebra Number Theory},
  mrclass    = {17B69 (18D10 20H05 81R05)},
  mrnumber   = {3435813},
  mrreviewer = {Robert Harold McRae},
  year       = {2015},
}

@Article{DrGNO,
  author     = {Drinfel{'}d, Vladimir and Gelaki, Shlomo and Nikshych, Dmitri and Ostrik, Victor},
  title      = {On braided fusion categories. {I}},
  doi        = {10.1007/s00029-010-0017-z},
  issn       = {1022-1824},
  number     = {1},
  pages      = {1--119},
  url        = {https://doi-org.libezp.lib.lsu.edu/10.1007/s00029-010-0017-z},
  volume     = {16},
  fjournal   = {Selecta Mathematica. New Series},
  journal    = {Selecta Math. (N.S.)},
  mrclass    = {18D10 (16T05)},
  mrnumber   = {2609644},
  mrreviewer = {R. Gylys},
  year       = {2010},
}

@InProceedings{Dri87,
  author    = {Drinfel{'}d, V. G.},
  booktitle = {Proceedings of the {I}nternational {C}ongress of {M}athematicians, {V}ol. 1, 2 ({B}erkeley, {C}alif., 1986)},
  title     = {Quantum groups},
  pages     = {798--820},
  publisher = {Amer. Math. Soc., Providence, RI},
  mrclass   = {17B50 (16A24 17B65 57T05 58F07 82A05 82A15)},
  mrnumber  = {934283},
  year      = {1987},
}

@Book{DF04,
  author    = {Dummit, David S. and Foote, Richard M.},
  title     = {Abstract algebra},
  edition   = {Third},
  isbn      = {0-471-43334-9},
  pages     = {xii+932},
  publisher = {John Wiley \& Sons, Inc., Hoboken, NJ},
  mrclass   = {00-01 (16-01 20-01)},
  mrnumber  = {2286236},
  year      = {2004},
}

@Article{DV18,
  author     = {Dummit, David S. and Voight, John},
  title      = {The 2-{S}elmer group of a number field and heuristics for narrow class groups and signature ranks of units},
  doi        = {10.1112/plms.12143},
  issn       = {0024-6115},
  number     = {4},
  pages      = {682--726},
  url        = {https://doi-org.libezp.lib.lsu.edu/10.1112/plms.12143},
  volume     = {117},
  fjournal   = {Proceedings of the London Mathematical Society. Third Series},
  journal    = {Proc. Lond. Math. Soc. (3)},
  mrclass    = {11R29 (11R27 11R45)},
  mrnumber   = {3873132},
  mrreviewer = {Daniel C. Mayer},
  year       = {2018},
}

@Article{Eho93,
  author     = {Eholzer, W.},
  title      = {Fusion algebras induced by representations of the modular group},
  doi        = {10.1142/S0217751X93001405},
  issn       = {0217-751X},
  number     = {20},
  pages      = {3495--3507},
  url        = {https://doi-org.libezp.lib.lsu.edu/10.1142/S0217751X93001405},
  volume     = {8},
  fjournal   = {International Journal of Modern Physics A. Particles and Fields. Gravitation. Cosmology},
  journal    = {Internat. J. Modern Phys. A},
  mrclass    = {81T40 (11F27 11Z50 81R10)},
  mrnumber   = {1227715},
  mrreviewer = {Christoph Schweigert},
  year       = {1993},
}

@Article{Eho95,
  author     = {Eholzer, Wolfgang},
  title      = {On the classification of modular fusion algebras},
  issn       = {0010-3616},
  number     = {3},
  pages      = {623--659},
  url        = {http://projecteuclid.org.libezp.lib.lsu.edu/euclid.cmp/1104274317},
  volume     = {172},
  fjournal   = {Communications in Mathematical Physics},
  journal    = {Comm. Math. Phys.},
  mrclass    = {11F22 (11F11 81R10 81T40)},
  mrnumber   = {1354262},
  mrreviewer = {Mark A. Walton},
  year       = {1995},
}

@Article{ES95,
  author     = {Eholzer, Wolfgang and Skoruppa, Nils-Peter},
  title      = {Modular invariance and uniqueness of conformal characters},
  issn       = {0010-3616},
  number     = {1},
  pages      = {117--136},
  url        = {http://projecteuclid.org.libezp.lib.lsu.edu/euclid.cmp/1104275096},
  volume     = {174},
  fjournal   = {Communications in Mathematical Physics},
  journal    = {Comm. Math. Phys.},
  mrclass    = {11F22 (17B68 81R10)},
  mrnumber   = {1372802},
  mrreviewer = {Christoph Schweigert},
  year       = {1995},
}

@Article{EM471,
  author     = {Eilenberg, Samuel and MacLane, Saunders},
  title      = {Cohomology theory in abstract groups. {I}},
  doi        = {10.2307/1969215},
  issn       = {0003-486X},
  pages      = {51--78},
  url        = {https://doi-org.libezp.lib.lsu.edu/10.2307/1969215},
  volume     = {48},
  fjournal   = {Annals of Mathematics. Second Series},
  journal    = {Ann. of Math. (2)},
  mrclass    = {20.0X},
  mrnumber   = {0019092},
  mrreviewer = {P. A. Smith},
  year       = {1947},
}

@Article{EM472,
  author     = {Eilenberg, Samuel and MacLane, Saunders},
  title      = {Cohomology theory in abstract groups. {II}. {G}roup extensions with a non-{A}belian kernel},
  doi        = {10.2307/1969174},
  issn       = {0003-486X},
  pages      = {326--341},
  url        = {https://doi-org.libezp.lib.lsu.edu/10.2307/1969174},
  volume     = {48},
  fjournal   = {Annals of Mathematics. Second Series},
  journal    = {Ann. of Math. (2)},
  mrclass    = {20.0X},
  mrnumber   = {0020996},
  mrreviewer = {P. A. Smith},
  year       = {1947},
}

@Book{EGNO,
  author     = {Etingof, Pavel and Gelaki, Shlomo and Nikshych, Dmitri and Ostrik, Victor},
  title      = {Tensor categories},
  doi        = {10.1090/surv/205},
  isbn       = {978-1-4704-2024-6},
  pages      = {xvi+343},
  publisher  = {American Mathematical Society, Providence, RI},
  series     = {Mathematical Surveys and Monographs},
  url        = {http://dx.doi.org/10.1090/surv/205},
  volume     = {205},
  mrclass    = {18D10 (16T05)},
  mrnumber   = {3242743},
  mrreviewer = {Julien Bichon},
  year       = {2015},
}

@Article{ENO05,
  author     = {Etingof, Pavel and Nikshych, Dmitri and Ostrik, Viktor},
  title      = {On fusion categories},
  doi        = {10.4007/annals.2005.162.581},
  issn       = {0003-486X},
  number     = {2},
  pages      = {581--642},
  url        = {http://dx.doi.org/10.4007/annals.2005.162.581},
  volume     = {162},
  fjournal   = {Annals of Mathematics. Second Series},
  journal    = {Ann. of Math. (2)},
  mrclass    = {16W30 (18D10)},
  mrnumber   = {2183279},
  mrreviewer = {Yorck Sommerh\"auser},
  year       = {2005},
}

@Book{EK98,
  author     = {Evans, David E. and Kawahigashi, Yasuyuki},
  title      = {Quantum symmetries on operator algebras},
  isbn       = {0-19-851175-2},
  note       = {Oxford Science Publications},
  pages      = {xvi+829},
  publisher  = {The Clarendon Press, Oxford University Press, New York},
  series     = {Oxford Mathematical Monographs},
  mrclass    = {46L37 (19K99 46L60 46L80 46N55 82B10)},
  mrnumber   = {1642584},
  mrreviewer = {Carl Winsl\o w},
  year       = {1998},
}

@Article{FKW02,
  author     = {Freedman, Michael H. and Walker, Kevin and Wang, Zhenghan},
  title      = {Quantum {$\rm SU(2)$} faithfully detects mapping class groups modulo center},
  doi        = {10.2140/gt.2002.6.523},
  issn       = {1465-3060},
  pages      = {523--539},
  url        = {https://doi-org.libezp.lib.lsu.edu/10.2140/gt.2002.6.523},
  volume     = {6},
  fjournal   = {Geometry and Topology},
  journal    = {Geom. Topol.},
  mrclass    = {57R56 (14N35 22E46 53D45 57M27)},
  mrnumber   = {1943758},
  mrreviewer = {Mustafa Korkmaz},
  year       = {2002},
}

@Book{FK93,
  author     = {Fr\"{o}hlich, J\"{u}rg and Kerler, Thomas},
  title      = {Quantum groups, quantum categories and quantum field theory},
  doi        = {10.1007/BFb0084244},
  isbn       = {3-540-56623-6},
  pages      = {viii+431},
  publisher  = {Springer-Verlag, Berlin},
  series     = {Lecture Notes in Mathematics},
  url        = {https://doi-org.libezp.lib.lsu.edu/10.1007/BFb0084244},
  volume     = {1542},
  mrclass    = {81R50 (16W30 17B37 18D10 81T05)},
  mrnumber   = {1239440},
  mrreviewer = {Stephen J. Summers},
  year       = {1993},
}

@Article{FKB01,
  author     = {Frohman, Charles and Kania-Bartoszy\'nska, Joanna},
  title      = {A quantum obstruction to embedding},
  doi        = {10.1017/S0305004101005230},
  issn       = {0305-0041},
  number     = {2},
  pages      = {279--293},
  url        = {http://dx.doi.org.proxy.lib.ohio-state.edu/10.1017/S0305004101005230},
  volume     = {131},
  fjournal   = {Mathematical Proceedings of the Cambridge Philosophical Society},
  journal    = {Math. Proc. Cambridge Philos. Soc.},
  mrclass    = {57M27 (57N10 57R56)},
  mrnumber   = {1857120},
  mrreviewer = {R\"Azvan Gelca},
  year       = {2001},
}

@Article{Fuc91,
  author     = {Fuchs, J\"{u}rgen},
  title      = {Simple {WZW} currents},
  issn       = {0010-3616},
  number     = {2},
  pages      = {345--356},
  url        = {http://projecteuclid.org.libezp.lib.lsu.edu/euclid.cmp/1104202355},
  volume     = {136},
  fjournal   = {Communications in Mathematical Physics},
  journal    = {Comm. Math. Phys.},
  mrclass    = {81R10 (81R50 81T40)},
  mrnumber   = {1096120},
  mrreviewer = {Kengo Yamagishi},
  year       = {1991},
}

@Article{Fun99,
  author     = {Funar, Louis},
  title      = {On the {TQFT} representations of the mapping class groups},
  doi        = {10.2140/pjm.1999.188.251},
  issn       = {0030-8730},
  number     = {2},
  pages      = {251--274},
  url        = {https://doi-org.libezp.lib.lsu.edu/10.2140/pjm.1999.188.251},
  volume     = {188},
  fjournal   = {Pacific Journal of Mathematics},
  journal    = {Pacific J. Math.},
  mrclass    = {57N05 (20F38 57M50)},
  mrnumber   = {1684208},
  mrreviewer = {Justin D. Roberts},
  year       = {1999},
}

@Article{GN08,
  author     = {Gelaki, Shlomo and Nikshych, Dmitri},
  title      = {Nilpotent fusion categories},
  doi        = {10.1016/j.aim.2007.08.001},
  issn       = {0001-8708},
  number     = {3},
  pages      = {1053--1071},
  url        = {https://doi-org.libezp.lib.lsu.edu/10.1016/j.aim.2007.08.001},
  volume     = {217},
  fjournal   = {Advances in Mathematics},
  journal    = {Adv. Math.},
  mrclass    = {18D99 (20D15)},
  mrnumber   = {2383894},
  mrreviewer = {I. B. S. Passi},
  year       = {2008},
}

@Article{Ger77,
  author     = {G{\'e}rardin, Paul},
  title      = {Weil representations associated to finite fields},
  doi        = {10.1016/0021-8693(77)90394-5},
  issn       = {0021-8693},
  number     = {1},
  pages      = {54--101},
  url        = {http://dx.doi.org.proxy.lib.ohio-state.edu/10.1016/0021-8693(77)90394-5},
  volume     = {46},
  fjournal   = {Journal of Algebra},
  journal    = {J. Algebra},
  mrclass    = {20G05},
  mrnumber   = {0460477},
  mrreviewer = {G. I. Lehrer},
  year       = {1977},
}

@Article{Gil04,
  author     = {Gilmer, Patrick M.},
  title      = {Integrality for {TQFT}s},
  doi        = {10.1215/S0012-7094-04-12527-8},
  issn       = {0012-7094},
  number     = {2},
  pages      = {389--413},
  url        = {http://dx.doi.org.proxy.lib.ohio-state.edu/10.1215/S0012-7094-04-12527-8},
  volume     = {125},
  coden      = {DUMJAO},
  fjournal   = {Duke Mathematical Journal},
  journal    = {Duke Math. J.},
  mrclass    = {57R56 (57M10 57M27)},
  mrnumber   = {2096678 (2005m:57042)},
  mrreviewer = {R{\u{a}}zvan Gelca},
  year       = {2004},
}

@Article{Gil99,
  author     = {Gilmer, Patrick M.},
  title      = {On the {W}itten-{R}eshetikhin-{T}uraev representations of mapping class groups},
  doi        = {10.1090/S0002-9939-99-04796-6},
  issn       = {0002-9939},
  number     = {8},
  pages      = {2483--2488},
  url        = {http://dx.doi.org.proxy.lib.ohio-state.edu/10.1090/S0002-9939-99-04796-6},
  volume     = {127},
  coden      = {PAMYAR},
  fjournal   = {Proceedings of the American Mathematical Society},
  journal    = {Proc. Amer. Math. Soc.},
  mrclass    = {57N10 (57M99)},
  mrnumber   = {1487369 (99j:57017)},
  mrreviewer = {Gretchen Wright},
  year       = {1999},
}


@article {GM07,
    AUTHOR = {Gilmer, Patrick M. and Masbaum, Gregor},
     TITLE = {Integral lattices in {TQFT}},
   JOURNAL = {Ann. Sci. \'Ecole Norm. Sup. (4)},
  FJOURNAL = {Annales Scientifiques de l'\'Ecole Normale Sup\'erieure. Quatri\`eme S\'erie},
    VOLUME = {40},
      YEAR = {2007},
    NUMBER = {5},
     PAGES = {815--844},
      ISSN = {0012-9593},
     CODEN = {ASENAH},
   MRCLASS = {57R56 (57R27)},
  MRNUMBER = {2382862 (2009m:57049)},
       DOI = {10.1016/j.ansens.2007.07.002},
       URL = {http://dx.doi.org.proxy.lib.ohio-state.edu/10.1016/j.ansens.2007.07.002},
}

@Article{GMvW,
  author   = {Gilmer, Patrick M. and Masbaum, Gregor and van Wamelen, Paul},
  title    = {Integral bases for {TQFT} modules and unimodular representations of mapping class groups},
  doi      = {10.1007/s00014-004-0801-5},
  issn     = {0010-2571},
  number   = {2},
  pages    = {260--284},
  url      = {http://dx.doi.org.proxy.lib.ohio-state.edu/10.1007/s00014-004-0801-5},
  volume   = {79},
  fjournal = {Commentarii Mathematici Helvetici},
  journal  = {Comment. Math. Helv.},
  mrclass  = {57R56 (57M50)},
  mrnumber = {2059432},
  year     = {2004},
}

@Article{Gre19,
  author  = {Green, David},
  title   = {Classification of Rank 6 Modular Categories with {G}alois Group $\langle (012)(345)\rangle$},
  volume  = {1908.07128},
  journal = {arXiv preprint},
  year    = {2019},
}

@Article{HNW13,
  author        = {Hastings, Matthew B. and Nayak, Chetan and Wang, Zhenghan},
  title         = {{Metaplectic Anyons, Majorana Zero Modes, and their Computational Power}},
  doi           = {10.1103/PhysRevB.87.165421},
  eprint        = {1210.5477},
  number        = {16},
  pages         = {165421},
  volume        = {B87},
  archiveprefix = {arXiv},
  journal       = {Phys. Rev.},
  primaryclass  = {cond-mat.str-el},
  slaccitation  = {%%CITATION = ARXIV:1210.5477;%%},
  year          = {2013},
}

@Article{HNW14,
  author     = {Hastings, Matthew B. and Nayak, Chetan and Wang, Zhenghan},
  title      = {On metaplectic modular categories and their applications},
  doi        = {10.1007/s00220-014-2044-7},
  issn       = {0010-3616},
  number     = {1},
  pages      = {45--68},
  url        = {http://dx.doi.org.proxy.lib.ohio-state.edu/10.1007/s00220-014-2044-7},
  volume     = {330},
  fjournal   = {Communications in Mathematical Physics},
  journal    = {Comm. Math. Phys.},
  mrclass    = {18D99 (81P68 81R05 81R10)},
  mrnumber   = {3215577},
  mrreviewer = {Alexei Davydov},
  year       = {2014},
}

@Book{HJ12,
  author    = {Horn, Roger A. and Johnson, Charles R.},
  title     = {Matrix analysis},
  publisher = {Cambridge university press},
  year      = {2012},
}

@Article{Hua05,
  author     = {Huang, Yi-Zhi},
  title      = {Vertex operator algebras, the {V}erlinde conjecture, and modular tensor categories},
  doi        = {10.1073/pnas.0409901102},
  issn       = {0027-8424},
  number     = {15},
  pages      = {5352--5356},
  url        = {https://doi-org.libezp.lib.lsu.edu/10.1073/pnas.0409901102},
  volume     = {102},
  fjournal   = {Proceedings of the National Academy of Sciences of the United States of America},
  journal    = {Proc. Natl. Acad. Sci. USA},
  mrclass    = {17B69 (18D99 81R10 81T40)},
  mrnumber   = {2140309},
  mrreviewer = {Maxim Zabzine},
  year       = {2005},
}

@Book{Hum75,
  author = {James E. Humphreys},
  title  = {Linear Algebraic Groups (Graduate Texts in Mathematics 21) Corrected Fourth Printing},
  isbn   = {9780387901084,9783540901082,0387901086,3540901086},
  url    = {http://gen.lib.rus.ec/book/index.php?md5=3FAA5078CA58B96CF1192EF891813E1E},
  year   = {1975},
}

@Article{Jim85,
  author     = {Jimbo, Michio},
  title      = {A {$q$}-difference analogue of {$U(\mathfrak{g})$} and the {Y}ang-{B}axter equation},
  doi        = {10.1007/BF00704588},
  issn       = {0377-9017},
  number     = {1},
  pages      = {63--69},
  url        = {http://dx.doi.org/10.1007/BF00704588},
  volume     = {10},
  fjournal   = {Letters in Mathematical Physics. A Journal for the Rapid Dissemination of Short Contributions in the Field of Mathematical Physics},
  journal    = {Lett. Math. Phys.},
  mrclass    = {17B35 (17B67 58F07 82A05)},
  mrnumber   = {797001},
  mrreviewer = {Alex Jay Feingold},
  year       = {1985},
}

@Article{Jon85,
  author     = {Jones, Vaughan F. R.},
  title      = {A polynomial invariant for knots via von {N}eumann algebras},
  doi        = {10.1090/S0273-0979-1985-15304-2},
  issn       = {0273-0979},
  number     = {1},
  pages      = {103--111},
  url        = {https://doi-org.libezp.lib.lsu.edu/10.1090/S0273-0979-1985-15304-2},
  volume     = {12},
  fjournal   = {American Mathematical Society. Bulletin. New Series},
  journal    = {Bull. Amer. Math. Soc. (N.S.)},
  mrclass    = {57M25 (46L10)},
  mrnumber   = {766964},
  mrreviewer = {J. S. Birman},
  year       = {1985},
}

@Article{Jon87,
  author     = {Jones, V. F. R.},
  title      = {Hecke algebra representations of braid groups and link polynomials},
  doi        = {10.2307/1971403},
  issn       = {0003-486X},
  number     = {2},
  pages      = {335--388},
  url        = {http://dx.doi.org/10.2307/1971403},
  volume     = {126},
  fjournal   = {Annals of Mathematics. Second Series},
  journal    = {Ann. of Math. (2)},
  mrclass    = {46L99 (20F36 22D25 46L35 46L55 57M25)},
  mrnumber   = {908150},
  mrreviewer = {Pierre de la Harpe},
  year       = {1987},
}

@Article{JS93,
  author     = {Joyal, Andr\'{e} and Street, Ross},
  title      = {Braided tensor categories},
  doi        = {10.1006/aima.1993.1055},
  issn       = {0001-8708},
  number     = {1},
  pages      = {20--78},
  url        = {https://doi-org.libezp.lib.lsu.edu/10.1006/aima.1993.1055},
  volume     = {102},
  fjournal   = {Advances in Mathematics},
  journal    = {Adv. Math.},
  mrclass    = {18D10 (19D23 20G05)},
  mrnumber   = {1250465},
  mrreviewer = {Daniel Conduch\'{e}},
  year       = {1993},
}

@Book{Kas95,
  author     = {Kassel, Christian},
  title      = {Quantum groups},
  doi        = {10.1007/978-1-4612-0783-2},
  isbn       = {0-387-94370-6},
  pages      = {xii+531},
  publisher  = {Springer-Verlag, New York},
  series     = {Graduate Texts in Mathematics},
  url        = {https://doi-org.libezp.lib.lsu.edu/10.1007/978-1-4612-0783-2},
  volume     = {155},
  mrclass    = {17B37 (16W30 18D10 20F36 57M25 81R50)},
  mrnumber   = {1321145},
  mrreviewer = {Yu. N. Bespalov},
  year       = {1995},
}

@InCollection{Ker02,
  author    = {Kerler, Thomas},
  booktitle = {Invariants of knots and 3-manifolds ({K}yoto, 2001)},
  title     = {{$p$}-modular {TQFT}'s, {M}ilnor torsion and the {C}asson-{L}escop invariant},
  doi       = {10.2140/gtm.2002.4.119},
  pages     = {119--141},
  publisher = {Geom. Topol. Publ., Coventry},
  series    = {Geom. Topol. Monogr.},
  url       = {http://dx.doi.org.proxy.lib.ohio-state.edu/10.2140/gtm.2002.4.119},
  volume    = {4},
  mrclass   = {57R56 (17B81 20C20 57M27 81T45)},
  mrnumber  = {2002607},
  year      = {2002},
}

@Article{Ker03H,
  author     = {Kerler, Thomas},
  title      = {Homology {TQFT}'s and the {A}lexander-{R}eidemeister invariant of 3-manifolds via {H}opf algebras and skein theory},
  doi        = {10.4153/CJM-2003-033-5},
  issn       = {0008-414X},
  number     = {4},
  pages      = {766--821},
  url        = {http://dx.doi.org/10.4153/CJM-2003-033-5},
  volume     = {55},
  coden      = {CJMAAB},
  fjournal   = {Canadian Journal of Mathematics. Journal Canadien de Math\'ematiques},
  journal    = {Canad. J. Math.},
  mrclass    = {57R56 (18D35 57M27)},
  mrnumber   = {1994073},
  mrreviewer = {Stephen F. Sawin},
  year       = {2003},
}

@InCollection{Ker03T,
  author     = {Kerler, Thomas},
  booktitle  = {Diagrammatic morphisms and applications ({S}an {F}rancisco, {CA}, 2000)},
  title      = {Towards an algebraic characterization of 3-dimensional cobordisms},
  pages      = {141--173},
  publisher  = {Amer. Math. Soc., Providence, RI},
  series     = {Contemp. Math.},
  url        = {https://doi-org.proxy.lib.ohio-state.edu/10.1090/conm/318/05549},
  volume     = {318},
  mrclass    = {57R56 (16W30 18D35 57M27)},
  mrnumber   = {1973515},
  mrreviewer = {Volodymyr V. Lyubashenko},
  year       = {2003},
}

@Article{Ker99,
  author     = {Kerler, Thomas},
  title      = {Bridged links and tangle presentations of cobordism categories},
  issn       = {0001-8708},
  number     = {2},
  pages      = {207--281},
  url        = {https://doi-org.proxy.lib.ohio-state.edu/10.1006/aima.1998.1772},
  volume     = {141},
  fjournal   = {Advances in Mathematics},
  journal    = {Adv. Math.},
  mrclass    = {57N10 (18B30 57R56)},
  mrnumber   = {1671770},
  mrreviewer = {Justin D. Roberts},
  year       = {1999},
}

@Book{KL01,
  author     = {Kerler, Thomas and Lyubashenko, Volodymyr V.},
  title      = {Non-semisimple topological quantum field theories for 3-manifolds with corners},
  isbn       = {3-540-42416-4},
  pages      = {vi+379},
  publisher  = {Springer-Verlag, Berlin},
  series     = {Lecture Notes in Mathematics},
  volume     = {1765},
  mrclass    = {57R56 (16W30 18D10 57M27 57N10 57N70)},
  mrnumber   = {1862634},
  mrreviewer = {Stephen F. Sawin},
  year       = {2001},
}

@Article{KW16,
  author     = {Kerler, Thomas and Wang, Yilong},
  title      = {Random walk invariants of string links from {R}-matrices},
  doi        = {10.2140/agt.2016.16.569},
  issn       = {1472-2747},
  number     = {1},
  pages      = {569--596},
  url        = {http://dx.doi.org/10.2140/agt.2016.16.569},
  volume     = {16},
  fjournal   = {Algebraic \& Geometric Topology},
  journal    = {Algebr. Geom. Topol.},
  mrclass    = {57M27 (15A75 20F36 57M25 57R56)},
  mrnumber   = {3470710},
  mrreviewer = {Daniel Silver},
  year       = {2016},
}

@Article{Kir04,
  author   = {{Kirillov}, Jr, A.},
  title    = {{On $G$-equivariant modular categories}},
  eprint   = {math/0401119},
  adsnote  = {Provided by the SAO/NASA Astrophysics Data System},
  adsurl   = {http://adsabs.harvard.edu/abs/2004math......1119K},
  journal  = {ArXiv Mathematics e-prints},
  keywords = {Quantum Algebra, Category Theory},
  month    = Jan,
  year     = {2004},
}

@Article{KO02,
  author     = {Kirillov, Jr., Alexander and Ostrik, Viktor},
  title      = {On a {$q$}-analogue of the {M}c{K}ay correspondence and the {ADE} classification of {$\mathfrak{sl}_2$} conformal field theories},
  doi        = {10.1006/aima.2002.2072},
  issn       = {0001-8708},
  number     = {2},
  pages      = {183--227},
  url        = {https://doi-org.libezp.lib.lsu.edu/10.1006/aima.2002.2072},
  volume     = {171},
  fjournal   = {Advances in Mathematics},
  journal    = {Adv. Math.},
  mrclass    = {17B37 (81R10 81R50 81T40)},
  mrnumber   = {1936496},
  mrreviewer = {Stanislav Z. Pakuliak},
  year       = {2002},
}

@Article{KLW01,
  author     = {Kirk, Paul and Livingston, Charles and Wang, Zhenghan},
  title      = {The {G}assner representation for string links},
  doi        = {10.1142/S0219199701000299},
  issn       = {0219-1997},
  number     = {1},
  pages      = {87--136},
  url        = {http://dx.doi.org/10.1142/S0219199701000299},
  volume     = {3},
  fjournal   = {Communications in Contemporary Mathematics},
  journal    = {Commun. Contemp. Math.},
  mrclass    = {57M25},
  mrnumber   = {1820015},
  mrreviewer = {Lorenzo Traldi},
  year       = {2001},
}

@Article{KK12,
  author     = {Kitaev, Alexei and Kong, Liang},
  title      = {Models for gapped boundaries and domain walls},
  doi        = {10.1007/s00220-012-1500-5},
  issn       = {0010-3616},
  number     = {2},
  pages      = {351--373},
  url        = {https://doi-org.libezp.lib.lsu.edu/10.1007/s00220-012-1500-5},
  volume     = {313},
  fjournal   = {Communications in Mathematical Physics},
  journal    = {Comm. Math. Phys.},
  mrclass    = {81T25 (81V35)},
  mrnumber   = {2942952},
  mrreviewer = {Michele Del Zotto},
  year       = {2012},
}

@Article{Klo46,
  author     = {Kloosterman, H. D.},
  title      = {The behaviour of general theta functions under the modular group and the characters of binary modular congruence groups. {I}},
  doi        = {10.2307/1969082},
  issn       = {0003-486X},
  pages      = {317--375},
  url        = {https://doi-org.libezp.lib.lsu.edu/10.2307/1969082},
  volume     = {47},
  fjournal   = {Annals of Mathematics. Second Series},
  journal    = {Ann. of Math. (2)},
  mrclass    = {10.0X},
  mrnumber   = {21032},
  mrreviewer = {H. Rademacher},
  year       = {1946},
}

@Article{KM18,
  author     = {Krauel, Matthew and Marks, Christopher},
  title      = {Intertwining operators and vector-valued modular forms for minimal models},
  doi        = {10.4310/CNTP.2018.v12.n4.a2},
  issn       = {1931-4523},
  number     = {4},
  pages      = {657--686},
  url        = {https://doi-org.libezp.lib.lsu.edu/10.4310/CNTP.2018.v12.n4.a2},
  volume     = {12},
  fjournal   = {Communications in Number Theory and Physics},
  journal    = {Commun. Number Theory Phys.},
  mrclass    = {17B69 (11F03)},
  mrnumber   = {3904755},
  mrreviewer = {Robert Harold McRae},
  year       = {2018},
}
    



@book {LangANT,
    AUTHOR = {Lang, Serge},
     TITLE = {Algebraic number theory},
    SERIES = {Graduate Texts in Mathematics},
    VOLUME = {110},
   EDITION = {Second},
 PUBLISHER = {Springer-Verlag, New York},
      YEAR = {1994},
     PAGES = {xiv+357},
      ISBN = {0-387-94225-4},
   MRCLASS = {11Rxx (11-01 11-02)},
  MRNUMBER = {1282723},
MRREVIEWER = {M. Ram Murty},
       URL = {https://doi.org/10.1007/978-1-4612-0853-2},
}

@Article{LW05,
  author     = {Larsen, Michael and Wang, Zhenghan},
  title      = {Density of the {SO}(3) {TQFT} representation of mapping class groups},
  doi        = {10.1007/s00220-005-1382-x},
  issn       = {0010-3616},
  number     = {3},
  pages      = {641--658},
  url        = {http://dx.doi.org.proxy.lib.ohio-state.edu/10.1007/s00220-005-1382-x},
  volume     = {260},
  fjournal   = {Communications in Mathematical Physics},
  journal    = {Comm. Math. Phys.},
  mrclass    = {57R56 (22E47 57M99)},
  mrnumber   = {2183960},
  mrreviewer = {R\"Azvan Gelca},
  year       = {2005},
}


@article {Le03,
    AUTHOR = {Le, Thang T. Q.},
     TITLE = {Quantum invariants of 3-manifolds: integrality, splitting, and perturbative expansion},
 BOOKTITLE = {Proceedings of the {P}acific {I}nstitute for the {M}athematical {S}ciences {W}orkshop ``{I}nvariants of {T}hree-{M}anifolds'' ({C}algary, {AB}, 1999)},
   JOURNAL = {Topology Appl.},
  FJOURNAL = {Topology and its Applications},
    VOLUME = {127},
      YEAR = {2003},
    NUMBER = {1-2},
     PAGES = {125--152},
      ISSN = {0166-8641},
     CODEN = {TIAPD9},
   MRCLASS = {57M27 (17B37)},
  MRNUMBER = {1953323 (2005b:57026)},
MRREVIEWER = {Ruth Lawrence},
       DOI = {10.1016/S0166-8641(02)00056-1},
       URL = {http://dx.doi.org.proxy.lib.ohio-state.edu/10.1016/S0166-8641(02)00056-1},
}


@article {LTW98,
    AUTHOR = {Lin, Xiao-Song and Tian, Feng and Wang, Zhenghan},
     TITLE = {Burau representation and random walks on string links},
   JOURNAL = {Pacific J. Math.},
  FJOURNAL = {Pacific Journal of Mathematics},
    VOLUME = {182},
      YEAR = {1998},
    NUMBER = {2},
     PAGES = {289--302},
      ISSN = {0030-8730},
   MRCLASS = {57M25 (20F36)},
  MRNUMBER = {1609599},
MRREVIEWER = {J. S. Birman},
       DOI = {10.2140/pjm.1998.182.289},
       URL = {http://dx.doi.org/10.2140/pjm.1998.182.289},
}


@book {Lus93,
    AUTHOR = {Lusztig, George},
     TITLE = {Introduction to quantum groups},
    SERIES = {Progress in Mathematics},
    VOLUME = {110},
 PUBLISHER = {Birkh\"auser Boston, Inc., Boston, MA},
      YEAR = {1993},
     PAGES = {xii+341},
      ISBN = {0-8176-3712-5},
   MRCLASS = {17B37 (16W30 17-02 17B35 81R50)},
  MRNUMBER = {1227098},
MRREVIEWER = {Jie Du},
}

@Article{Lyu95M,
  author     = {Lyubashenko, V.},
  title      = {Modular transformations for tensor categories},
  doi        = {10.1016/0022-4049(94)00045-K},
  issn       = {0022-4049},
  number     = {3},
  pages      = {279--327},
  url        = {http://dx.doi.org/10.1016/0022-4049(94)00045-K},
  volume     = {98},
  fjournal   = {Journal of Pure and Applied Algebra},
  journal    = {J. Pure Appl. Algebra},
  mrclass    = {18D10 (16W30 17B37 57M25 81R50)},
  mrnumber   = {1324034},
  mrreviewer = {Yu. N. Bespalov},
  year       = {1995},
}

@Article{Lyu95T,
  author     = {Lyubashenko, Volodimir},
  title      = {Tangles and {H}opf algebras in braided categories},
  doi        = {10.1016/0022-4049(95)00044-W},
  issn       = {0022-4049},
  number     = {3},
  pages      = {245--278},
  url        = {http://dx.doi.org/10.1016/0022-4049(95)00044-W},
  volume     = {98},
  fjournal   = {Journal of Pure and Applied Algebra},
  journal    = {J. Pure Appl. Algebra},
  mrclass    = {18D10 (16W30 17B37 57M25 81R50)},
  mrnumber   = {1324033},
  mrreviewer = {Yu. N. Bespalov},
  year       = {1995},
}


@book {MacLane,
    AUTHOR = {Mac Lane, Saunders},
     TITLE = {Categories for the working mathematician},
    SERIES = {Graduate Texts in Mathematics},
    VOLUME = {5},
   EDITION = {Second},
 PUBLISHER = {Springer-Verlag, New York},
      YEAR = {1998},
     PAGES = {xii+314},
      ISBN = {0-387-98403-8},
   MRCLASS = {18-02},
  MRNUMBER = {1712872},
}

@InCollection{Mas99,
  author     = {Masbaum, Gregor},
  booktitle  = {Low-dimensional topology ({F}unchal, 1998)},
  title      = {An element of infinite order in {TQFT}-representations of mapping class groups},
  doi        = {10.1090/conm/233/03423},
  pages      = {137--139},
  publisher  = {Amer. Math. Soc., Providence, RI},
  series     = {Contemp. Math.},
  url        = {https://doi-org.libezp.lib.lsu.edu/10.1090/conm/233/03423},
  volume     = {233},
  mrclass    = {57R56 (57N05)},
  mrnumber   = {1701678},
  mrreviewer = {Ricardo F. Vila Freyer},
  year       = {1999},
}

@Article{MR97,
  author     = {Masbaum, G. and Roberts, J. D.},
  title      = {A simple proof of integrality of quantum invariants at prime roots of unity},
  doi        = {10.1017/S0305004196001624},
  issn       = {0305-0041},
  number     = {3},
  pages      = {443--454},
  url        = {http://dx.doi.org.proxy.lib.ohio-state.edu/10.1017/S0305004196001624},
  volume     = {121},
  fjournal   = {Mathematical Proceedings of the Cambridge Philosophical Society},
  journal    = {Math. Proc. Cambridge Philos. Soc.},
  mrclass    = {57N10 (11R04 11Z05)},
  mrnumber   = {1434653},
  mrreviewer = {Gretchen Wright},
  year       = {1997},
}

@Article{MW98,
  author     = {Masbaum, G. and Wenzl, H.},
  title      = {Integral modular categories and integrality of quantum invariants at roots of unity of prime order},
  doi        = {10.1515/crll.1998.505.209},
  issn       = {0075-4102},
  pages      = {209--235},
  url        = {http://dx.doi.org.proxy.lib.ohio-state.edu/10.1515/crll.1998.505.209},
  volume     = {505},
  fjournal   = {Journal f\"ur die Reine und Angewandte Mathematik. [Crelle's Journal]},
  journal    = {J. Reine Angew. Math.},
  mrclass    = {57N10 (18D10 57M25 57M27)},
  mrnumber   = {1662260},
  mrreviewer = {Justin D. Roberts},
  year       = {1998},
}

@Misc{MilneLAG,
  author = {Milne, James S.},
  title  = {Lie Algebras, Algebraic Groups, and Lie Groups},
  note   = {Available at www.jmilne.org/math/},
  year   = {2013},
}

@Article{Moo87,
  author     = {Moore, Gregory},
  title      = {Atkin-{L}ehner symmetry},
  doi        = {10.1016/0550-3213(87)90067-8},
  issn       = {0550-3213},
  number     = {1},
  pages      = {139--188},
  url        = {https://doi-org.libezp.lib.lsu.edu/10.1016/0550-3213(87)90067-8},
  volume     = {293},
  fjournal   = {Nuclear Physics. B. Theoretical, Phenomenological, and Experimental High Energy Physics. Quantum Field Theory and Statistical Systems},
  journal    = {Nuclear Phys. B},
  mrclass    = {81E99 (11F11 81E30)},
  mrnumber   = {906636},
  mrreviewer = {Sergey Merkulov},
  year       = {1987},
}

%%%%%%%%%%%%%%%%%%%%%%%%%%%%%%%%%%%%%%%%%%%%%%%%%%%%%%%%%%%%%%%%
%%%%%%%%%%% 0424 %%%%%%%%%%%%%%%%%%%%%%%%%%%%%%%%%%%%%%%%%%%%%%%

@article {MS89,
    AUTHOR = {Moore, Gregory and Seiberg, Nathan},
    TITLE = {Classical and quantum conformal field theory},
    JOURNAL = {Comm. Math. Phys.},
    FJOURNAL = {Communications in Mathematical Physics},
    VOLUME = {123},
    YEAR = {1989},
    NUMBER = {2},
    PAGES = {177--254},
    ISSN = {0010-3616},
    MRCLASS = {81E99 (22E70 81E40)},
    MRNUMBER = {1002038},
    MRREVIEWER = {Philippe Christe},
    URL = {http://projecteuclid.org.libezp.lib.lsu.edu/euclid.cmp/1104178762},
}

@Article{Mug031,
  author     = {M{\"u}ger, Michael},
  title      = {From subfactors to categories and topology. {I}. {F}robenius algebras in and {M}orita equivalence of tensor categories},
  doi        = {10.1016/S0022-4049(02)00247-5},
  issn       = {0022-4049},
  number     = {1-2},
  pages      = {81--157},
  url        = {https://doi-org.libezp.lib.lsu.edu/10.1016/S0022-4049(02)00247-5},
  volume     = {180},
  fjournal   = {Journal of Pure and Applied Algebra},
  journal    = {J. Pure Appl. Algebra},
  mrclass    = {18D10 (16S99 46L37 46M15 81R50 81T40)},
  mrnumber   = {1966524},
  mrreviewer = {R. Gylys},
  year       = {2003},
}

@Article{Mug032,
  author     = {M{\"u}ger, Michael},
  title      = {From subfactors to categories and topology. {II}. {T}he quantum double of tensor categories and subfactors},
  doi        = {10.1016/S0022-4049(02)00248-7},
  issn       = {0022-4049},
  number     = {1-2},
  pages      = {159--219},
  url        = {https://doi-org.libezp.lib.lsu.edu/10.1016/S0022-4049(02)00248-7},
  volume     = {180},
  fjournal   = {Journal of Pure and Applied Algebra},
  journal    = {J. Pure Appl. Algebra},
  mrclass    = {18D10 (16S99 46L37 46M15 81R50)},
  mrnumber   = {1966525},
  mrreviewer = {R. Gylys},
  year       = {2003},
}

@Article{Mug03S,
  author     = {M{\"u}ger, Michael},
  title      = {On the structure of modular categories},
  doi        = {10.1112/S0024611503014187},
  issn       = {0024-6115},
  number     = {2},
  pages      = {291--308},
  url        = {https://doi-org.libezp.lib.lsu.edu/10.1112/S0024611503014187},
  volume     = {87},
  fjournal   = {Proceedings of the London Mathematical Society. Third Series},
  journal    = {Proc. London Math. Soc. (3)},
  mrclass    = {18D10},
  mrnumber   = {1990929},
  mrreviewer = {Richard F. Blute},
  year       = {2003},
}

@Article{Mur94,
  author     = {Murakami, Hitoshi},
  title      = {Quantum {${\rm SU}(2)$}-invariants dominate {C}asson's {${\rm SU}(2)$}-invariant},
  doi        = {10.1017/S0305004100072078},
  issn       = {0305-0041},
  number     = {2},
  pages      = {253--281},
  url        = {http://dx.doi.org.proxy.lib.ohio-state.edu/10.1017/S0305004100072078},
  volume     = {115},
  coden      = {MPCPCO},
  fjournal   = {Mathematical Proceedings of the Cambridge Philosophical Society},
  journal    = {Math. Proc. Cambridge Philos. Soc.},
  mrclass    = {57N10 (57M25)},
  mrnumber   = {1277059 (95h:57020)},
  mrreviewer = {Yongwu Rong},
  year       = {1994},
}

@Article{Mur95,
  author     = {Murakami, Hitoshi},
  title      = {Quantum {${\rm SO}(3)$}-invariants dominate the {${\rm SU}(2)$}-invariant of {C}asson and {W}alker},
  doi        = {10.1017/S0305004100073084},
  issn       = {0305-0041},
  number     = {2},
  pages      = {237--249},
  url        = {http://dx.doi.org.proxy.lib.ohio-state.edu/10.1017/S0305004100073084},
  volume     = {117},
  coden      = {MPCPCO},
  fjournal   = {Mathematical Proceedings of the Cambridge Philosophical Society},
  journal    = {Math. Proc. Cambridge Philos. Soc.},
  mrclass    = {57N10 (57M25)},
  mrnumber   = {1307078 (95k:57027)},
  mrreviewer = {Thang T. Q. Le},
  year       = {1995},
}

@Article{NNW09,
  author     = {Naidu, Deepak and Nikshych, Dmitri and Witherspoon, Sarah},
  title      = {Fusion subcategories of representation categories of twisted quantum doubles of finite groups},
  doi        = {10.1093/imrn/rnp084},
  issn       = {1073-7928},
  number     = {22},
  pages      = {4183--4219},
  url        = {https://doi-org.libezp.lib.lsu.edu/10.1093/imrn/rnp084},
  fjournal   = {International Mathematics Research Notices. IMRN},
  journal    = {Int. Math. Res. Not. IMRN},
  mrclass    = {18D10 (20J06)},
  mrnumber   = {2552301},
  mrreviewer = {David A. Jordan},
  year       = {2009},
}





@article {NR11,
    AUTHOR = {Naidu, Deepak and Rowell, Eric C.},
     TITLE = {A finiteness property for braided fusion categories},
   JOURNAL = {Algebr. Represent. Theory},
  FJOURNAL = {Algebras and Representation Theory},
    VOLUME = {14},
      YEAR = {2011},
    NUMBER = {5},
     PAGES = {837--855},
      ISSN = {1386-923X},
   MRCLASS = {18D10 (20F36)},
  MRNUMBER = {2832261},
MRREVIEWER = {Alexei Davydov},
       DOI = {10.1007/s10468-010-9219-5},
       URL = {http://dx.doi.org.proxy.lib.ohio-state.edu/10.1007/s10468-010-9219-5},
}

@Article{Nat13,
  author     = {Natale, Sonia},
  title      = {Faithful simple objects, orders and gradings of fusion categories},
  doi        = {10.2140/agt.2013.13.1489},
  issn       = {1472-2747},
  number     = {3},
  pages      = {1489--1511},
  url        = {https://doi-org.libezp.lib.lsu.edu/10.2140/agt.2013.13.1489},
  volume     = {13},
  fjournal   = {Algebraic \& Geometric Topology},
  journal    = {Algebr. Geom. Topol.},
  mrclass    = {18D10 (16T05)},
  mrnumber   = {3071133},
  mrreviewer = {Daniel Ion Bulacu},
  year       = {2013},
}

@Article{NRWZ20a,
  author       = {Siu-Hung Ng and Eric C. Rowell and Yilong Wang and Qing Zhang},
  title        = {Higher central charges and {W}itt groups},
  volume       = {2002.03570v2},
  journal      = {arXiv preprint},
  primaryclass = {math.QA, math.CT, math.NT},
  year         = {2020},
}

@article {NS07,
    AUTHOR = {Ng, Siu-Hung and Schauenburg, Peter},
     TITLE = {Frobenius-{S}chur indicators and exponents of spherical
              categories},
   JOURNAL = {Adv. Math.},
  FJOURNAL = {Advances in Mathematics},
    VOLUME = {211},
      YEAR = {2007},
    NUMBER = {1},
     PAGES = {34--71},
      ISSN = {0001-8708},
   MRCLASS = {16W30},
  MRNUMBER = {2313527},
MRREVIEWER = {Zlatko Erjavec},
       URL = {https://doi-org.proxy.lib.ohio-state.edu/10.1016/j.aim.2006.07.017},
}



@article {NS10,
    AUTHOR = {Ng, Siu-Hung and Schauenburg, Peter},
     TITLE = {Congruence subgroups and generalized {F}robenius-{S}chur
              indicators},
   JOURNAL = {Comm. Math. Phys.},
  FJOURNAL = {Communications in Mathematical Physics},
    VOLUME = {300},
      YEAR = {2010},
    NUMBER = {1},
     PAGES = {1--46},
      ISSN = {0010-3616},
   MRCLASS = {81T40 (18D10)},
  MRNUMBER = {2725181},
MRREVIEWER = {Eric C. Rowell},
       DOI = {10.1007/s00220-010-1096-6},
       URL = {http://dx.doi.org/10.1007/s00220-010-1096-6},
}

@Article{NSW19,
  author     = {Ng, Siu-Hung and Schopieray, Andrew and Wang, Yilong},
  title      = {Higher {G}auss sums of modular categories},
  doi        = {10.1007/s00029-019-0499-2},
  issn       = {1022-1824},
  number     = {4},
  pages      = {Paper No. 53, 32},
  url        = {https://doi-org.libezp.lib.lsu.edu/10.1007/s00029-019-0499-2},
  volume     = {25},
  fjournal   = {Selecta Mathematica. New Series},
  journal    = {Selecta Math. (N.S.)},
  mrclass    = {18D10 (57R56)},
  mrnumber   = {3997136},
  mrreviewer = {Costel Gabriel Bontea},
  year       = {2019},
}

@Article{NWWi,
  author  = {Siu-Hung Ng and Yilong Wang and Samuel Wilson},
  title   = {Symmetrization of congruent representations of SL(2,Z)},
  journal = {In preparation},
  year    = {2021},
}

@Article{NWWir,
  author  = {Siu-Hung Ng and Yilong Wang and Samuel Wilson},
  title   = {On the rationality of quantum invariants},
  journal = {In preparation},
}

@Article{NWZ20a,
  author       = {Siu-Hung Ng and Yilong Wang and Qing Zhang},
  title        = {Modular categories with transitive {G}alois actions},
  volume       = {2007.01366},
  journal      = {arXiv preprint},
  primaryclass = {math.QA},
  year         = {2020},
}




@article {Nobs1,
    AUTHOR = {Nobs, Alexandre},
     TITLE = {Die irreduziblen {D}arstellungen der {G}ruppen
              {$SL_{2}(Z_{p})$}, insbesondere {$SL_{2}(Z_{2})$}.
              {I}},
   JOURNAL = {Comment. Math. Helv.},
  FJOURNAL = {Commentarii Mathematici Helvetici},
    VOLUME = {51},
      YEAR = {1976},
    NUMBER = {4},
     PAGES = {465--489},
      ISSN = {0010-2571},
   MRCLASS = {20G05 (22E50 10C15)},
  MRNUMBER = {0444787},
MRREVIEWER = {Allan J. Silberger},
       DOI = {10.1007/BF02568170},
       URL = {http://dx.doi.org/10.1007/BF02568170},
}

@article {NW76,
    AUTHOR = {Nobs, Alexandre and Wolfart, J\"urgen},
     TITLE = {Die irreduziblen {D}arstellungen der {G}ruppen
              {$SL_{2}(Z_{p})$}, insbesondere {$SL_{2}(Z_{p})$}.
              {II}},
   JOURNAL = {Comment. Math. Helv.},
  FJOURNAL = {Commentarii Mathematici Helvetici},
    VOLUME = {51},
      YEAR = {1976},
    NUMBER = {4},
     PAGES = {491--526},
      ISSN = {0010-2571},
   MRCLASS = {20G05 (22E50 10C15)},
  MRNUMBER = {0444788},
MRREVIEWER = {Allan J. Silberger},
       DOI = {10.1007/BF02568171},
       URL = {http://dx.doi.org/10.1007/BF02568171},
}

@Book{Oht02,
  author     = {Ohtsuki, Tomotada},
  title      = {Quantum invariants},
  isbn       = {981-02-4675-7},
  note       = {A study of knots, 3-manifolds, and their sets},
  pages      = {xiv+489},
  publisher  = {World Scientific Publishing Co., Inc., River Edge, NJ},
  series     = {Series on Knots and Everything},
  volume     = {29},
  mrclass    = {57M27},
  mrnumber   = {1881401},
  mrreviewer = {Justin D. Roberts},
  year       = {2002},
}

@Article{Oht95,
  author     = {Ohtsuki, Tomotada},
  title      = {A polynomial invariant of integral homology {$3$}-spheres},
  doi        = {10.1017/S0305004100072935},
  issn       = {0305-0041},
  number     = {1},
  pages      = {83--112},
  url        = {http://dx.doi.org.proxy.lib.ohio-state.edu/10.1017/S0305004100072935},
  volume     = {117},
  fjournal   = {Mathematical Proceedings of the Cambridge Philosophical Society},
  journal    = {Math. Proc. Cambridge Philos. Soc.},
  mrclass    = {57N10 (17B37)},
  mrnumber   = {1297897},
  mrreviewer = {S. V. Duzhin},
  year       = {1995},
}

@Article{Oht96,
  author     = {Ohtsuki, Tomotada},
  title      = {A polynomial invariant of rational homology {$3$}-spheres},
  doi        = {10.1007/s002220050025},
  issn       = {0020-9910},
  number     = {2},
  pages      = {241--257},
  url        = {http://dx.doi.org.proxy.lib.ohio-state.edu/10.1007/s002220050025},
  volume     = {123},
  fjournal   = {Inventiones Mathematicae},
  journal    = {Invent. Math.},
  mrclass    = {57N10 (57M25)},
  mrnumber   = {1374199},
  mrreviewer = {Zhenghan Wang},
  year       = {1996},
}

@Article{Ost03f,
  author     = {Ostrik, Viktor},
  title      = {Fusion categories of rank 2},
  doi        = {10.4310/MRL.2003.v10.n2.a5},
  issn       = {1073-2780},
  number     = {2-3},
  pages      = {177--183},
  url        = {https://doi-org.libezp.lib.lsu.edu/10.4310/MRL.2003.v10.n2.a5},
  volume     = {10},
  fjournal   = {Mathematical Research Letters},
  journal    = {Math. Res. Lett.},
  mrclass    = {18D10 (16W30)},
  mrnumber   = {1981895},
  mrreviewer = {Julien Bichon},
  year       = {2003},
}

@Article{Ost03m,
  author     = {Ostrik, Victor},
  title      = {Module categories, weak {H}opf algebras and modular invariants},
  doi        = {10.1007/s00031-003-0515-6},
  issn       = {1083-4362},
  number     = {2},
  pages      = {177--206},
  url        = {https://doi-org.libezp.lib.lsu.edu/10.1007/s00031-003-0515-6},
  volume     = {8},
  fjournal   = {Transformation Groups},
  journal    = {Transform. Groups},
  mrclass    = {18D10 (16D90 17B10 18E10)},
  mrnumber   = {1976459},
  mrreviewer = {Volodymyr V. Lyubashenko},
  year       = {2003},
}

@Article{Ost09,
  author     = {Ostrik, Victor},
  title      = {On formal codegrees of fusion categories},
  doi        = {10.4310/MRL.2009.v16.n5.a11},
  issn       = {1073-2780},
  number     = {5},
  pages      = {895--901},
  url        = {https://doi-org.libezp.lib.lsu.edu/10.4310/MRL.2009.v16.n5.a11},
  volume     = {16},
  fjournal   = {Mathematical Research Letters},
  journal    = {Math. Res. Lett.},
  mrclass    = {18D10},
  mrnumber   = {2576705},
  mrreviewer = {Sorin D\u{a}sc\u{a}lescu},
  year       = {2009},
}

@Article{Pra09,
  author     = {Prasad, Amritanshu},
  title      = {On character values and decomposition of the {W}eil representation associated to a finite abelian group},
  issn       = {0971-3611},
  pages      = {73--85},
  volume     = {17},
  fjournal   = {The Journal of Analysis},
  journal    = {J. Anal.},
  mrclass    = {11F27},
  mrnumber   = {2722604},
  mrreviewer = {\~Aetin \~Arti\AA },
  year       = {2009},
}

@Book{PS97,
  author     = {Prasolov, V. V. and Sossinsky, A. B.},
  title      = {Knots, links, braids and 3-manifolds},
  isbn       = {0-8218-0588-6},
  note       = {An introduction to the new invariants in low-dimensional topology, Translated from the Russian manuscript by Sossinsky [Sosinski\u\i ]},
  pages      = {viii+239},
  publisher  = {American Mathematical Society, Providence, RI},
  series     = {Translations of Mathematical Monographs},
  volume     = {154},
  mrclass    = {57M25 (57M12 57N10)},
  mrnumber   = {1414898},
  mrreviewer = {Joanna Kania-Bartoszynska},
  year       = {1997},
}

@Article{RT91,
  author     = {Reshetikhin, N. and Turaev, V. G.},
  title      = {Invariants of {$3$}-manifolds via link polynomials and quantum groups},
  doi        = {10.1007/BF01239527},
  issn       = {0020-9910},
  number     = {3},
  pages      = {547--597},
  url        = {http://dx.doi.org/10.1007/BF01239527},
  volume     = {103},
  fjournal   = {Inventiones Mathematicae},
  journal    = {Invent. Math.},
  mrclass    = {57N10 (17B37 57M25 81R50)},
  mrnumber   = {1091619},
  mrreviewer = {Louis H. Kauffman},
  year       = {1991},
}

@Article{RSW09,
  author     = {Rowell, Eric and Stong, Richard and Wang, Zhenghan},
  title      = {On classification of modular tensor categories},
  doi        = {10.1007/s00220-009-0908-z},
  issn       = {0010-3616},
  number     = {2},
  pages      = {343--389},
  url        = {https://doi-org.libezp.lib.lsu.edu/10.1007/s00220-009-0908-z},
  volume     = {292},
  fjournal   = {Communications in Mathematical Physics},
  journal    = {Comm. Math. Phys.},
  mrclass    = {18D10 (81P68 81R05)},
  mrnumber   = {2544735},
  mrreviewer = {Ram\'{o}n Gonz\'{a}lez Rodr\'{\i}guez},
  year       = {2009},
}

@InCollection{Row05f,
  author     = {Rowell, Eric C.},
  booktitle  = {Representations of algebraic groups, quantum groups, and {L}ie algebras},
  title      = {From quantum groups to unitary modular tensor categories},
  doi        = {10.1090/conm/413/07848},
  pages      = {215--230},
  publisher  = {Amer. Math. Soc., Providence, RI},
  series     = {Contemp. Math.},
  url        = {http://dx.doi.org/10.1090/conm/413/07848},
  volume     = {413},
  mrclass    = {18D10 (16W35 17B37 20G42 57R56)},
  mrnumber   = {2263097},
  mrreviewer = {Julien Bichon},
  year       = {2006},
}

@Article{Row05q,
  author     = {Rowell, Eric C.},
  title      = {On a family of non-unitarizable ribbon categories},
  doi        = {10.1007/s00209-005-0773-1},
  issn       = {0025-5874},
  number     = {4},
  pages      = {745--774},
  url        = {https://doi-org.libezp.lib.lsu.edu/10.1007/s00209-005-0773-1},
  volume     = {250},
  fjournal   = {Mathematische Zeitschrift},
  journal    = {Math. Z.},
  mrclass    = {17B37 (57M27)},
  mrnumber   = {2180373},
  mrreviewer = {H. H. Andersen},
  year       = {2005},
}


@article {RW18,
    AUTHOR = {Rowell, Eric C. and Wang, Zhenghan},
    TITLE = {Mathematics of topological quantum computing},
    JOURNAL = {Bull. Amer. Math. Soc. (N.S.)},
    FJOURNAL = {American Mathematical Society. Bulletin. New Series},
    VOLUME = {55},
    YEAR = {2018},
    NUMBER = {2},
    PAGES = {183--238},
    ISSN = {0273-0979},
    MRCLASS = {81P68 (03D10 18D10 57R56 68Q12 81T45)},
    MRNUMBER = {3777017},
    DOI = {10.1090/bull/1605},
    URL = {https://doi-org.libezp.lib.lsu.edu/10.1090/bull/1605},
}

@Article{Saw06,
  author   = {Sawin, Stephen F.},
  title    = {Quantum groups at roots of unity and modularity},
  doi      = {10.1142/S0218216506005160},
  issn     = {0218-2165},
  number   = {10},
  pages    = {1245--1277},
  url      = {http://dx.doi.org/10.1142/S0218216506005160},
  volume   = {15},
  fjournal = {Journal of Knot Theory and its Ramifications},
  journal  = {J. Knot Theory Ramifications},
  mrclass  = {17B37 (16W35 57M27 57R56)},
  mrnumber = {2286123},
  year     = {2006},
}

@Book{Ser73,
  author    = {Serre, J.-P.},
  title     = {A course in arithmetic},
  note      = {Translated from the French, Graduate Texts in Mathematics, No. 7},
  pages     = {viii+115},
  publisher = {Springer-Verlag, New York-Heidelberg},
  mrclass   = {12-02 (10CXX 10DXX)},
  mrnumber  = {0344216},
  year      = {1973},
}

@Book{Ser77,
  author     = {Serre, Jean-Pierre},
  title      = {Linear representations of finite groups},
  isbn       = {0-387-90190-6},
  note       = {Translated from the second French edition by Leonard L. Scott, Graduate Texts in Mathematics, Vol. 42},
  pages      = {x+170},
  publisher  = {Springer-Verlag, New York-Heidelberg},
  mrclass    = {20CXX},
  mrnumber   = {0450380},
  mrreviewer = {W. Feit},
  year       = {1977},
}

@Article{TY99,
  author     = {Takata, Toshie and Yokota, Yoshiyuki},
  title      = {The {${\rm PSU}(N)$} invariants of {$3$}-manifolds are algebraic integers},
  doi        = {10.1142/S0218216599000365},
  issn       = {0218-2165},
  number     = {4},
  pages      = {521--532},
  url        = {http://dx.doi.org.proxy.lib.ohio-state.edu/10.1142/S0218216599000365},
  volume     = {8},
  fjournal   = {Journal of Knot Theory and its Ramifications},
  journal    = {J. Knot Theory Ramifications},
  mrclass    = {57M27 (11R04 57N10)},
  mrnumber   = {1697388},
  mrreviewer = {Florian L. Deloup},
  year       = {1999},
}

@article {Tan66,
    AUTHOR = {Tanaka, Shun'ichi},
    TITLE = {On irreducible unitary representations of some special linear
    groups of the second order. {I}, {II}},
    JOURNAL = {Osaka Math. J.},
    FJOURNAL = {Osaka Mathematical Journal},
    VOLUME = {3},
    YEAR = {1966},
    PAGES = {217--227; 229--242},
    ISSN = {0388-0699},
    MRCLASS = {22.57},
    MRNUMBER = {223493},
    MRREVIEWER = {A. Kleppner},
    URL = {http://projecteuclid.org.libezp.lib.lsu.edu/euclid.ojm/1200691727},
}

@article{TW01,
  title={Representations of the braid group {$B_3$} and of {$SL(2, Z)$}},
  author={Tuba, Imre and Wenzl, Hans},
  fjournal={Pacific Journal of Mathematics},
  journal={Pacific J. Math.},
  volume={197},
  number={2},
  pages={491--510},
  year={2001},
  publisher={Mathematical Sciences Publishers}
}

@Article{TW93,
  author     = {Turaev, V. and Wenzl, H.},
  title      = {Quantum invariants of {$3$}-manifolds associated with classical simple {L}ie algebras},
  doi        = {10.1142/S0129167X93000170},
  issn       = {0129-167X},
  number     = {2},
  pages      = {323--358},
  url        = {https://doi-org.libezp.lib.lsu.edu/10.1142/S0129167X93000170},
  volume     = {4},
  fjournal   = {International Journal of Mathematics},
  journal    = {Internat. J. Math.},
  mrclass    = {57M25 (17B37 57N10)},
  mrnumber   = {1217386},
  mrreviewer = {Toshitake Kohno},
  year       = {1993},
}

@Book{Tur10,
  author    = {Turaev, Vladimir G.},
  title     = {Quantum invariants of knots and 3-manifolds},
  edition   = {revised},
  isbn      = {978-3-11-022183-1},
  pages     = {xii+592},
  publisher = {Walter de Gruyter \& Co., Berlin},
  series    = {De Gruyter Studies in Mathematics},
  url       = {https://doi-org.proxy.lib.ohio-state.edu/10.1515/9783110221848},
  volume    = {18},
  mrclass   = {57M27 (57M25 57N10 57R56)},
  mrnumber  = {2654259},
  year      = {2010},
}

@Article{Tur88,
  author     = {Turaev, V. G.},
  title      = {The {Y}ang-{B}axter equation and invariants of links},
  doi        = {10.1007/BF01393746},
  issn       = {0020-9910},
  number     = {3},
  pages      = {527--553},
  url        = {http://dx.doi.org/10.1007/BF01393746},
  volume     = {92},
  fjournal   = {Inventiones Mathematicae},
  journal    = {Invent. Math.},
  mrclass    = {57M25 (20F36 82A68)},
  mrnumber   = {939474},
  mrreviewer = {Toshitake Kohno},
  year       = {1988},
}

@Article{Tur89,
  author     = {Turaev, V. G.},
  title      = {Operator invariants of tangles, and {$R$}-matrices},
  issn       = {0373-2436},
  number     = {5},
  pages      = {1073--1107, 1135},
  volume     = {53},
  fjournal   = {Izvestiya Akademii Nauk SSSR. Seriya Matematicheskaya},
  journal    = {Izv. Akad. Nauk SSSR Ser. Mat.},
  mrclass    = {17B37 (57M25 82B23)},
  mrnumber   = {1024455},
  mrreviewer = {Ya. S. So\u\i bel\cprime man},
  year       = {1989},
}

@Book{Tur94,
  author     = {Turaev, V. G.},
  title      = {Quantum invariants of knots and 3-manifolds},
  isbn       = {3-11-013704-6},
  pages      = {x+588},
  publisher  = {Walter de Gruyter \& Co., Berlin},
  series     = {de Gruyter Studies in Mathematics},
  volume     = {18},
  mrclass    = {57M25 (16W30 17B37 57N10 81R50)},
  mrnumber   = {1292673},
  mrreviewer = {Louis H. Kauffman},
  year       = {1994},
}

@Article{Vafa88,
  author     = {Vafa, Cumrun},
  title      = {Toward classification of conformal theories},
  doi        = {10.1016/0370-2693(88)91603-6},
  issn       = {0370-2693},
  number     = {3},
  pages      = {421--426},
  url        = {http://dx.doi.org/10.1016/0370-2693(88)91603-6},
  volume     = {206},
  fjournal   = {Physics Letters. B. Particle Physics, Nuclear Physics and Cosmology},
  journal    = {Phys. Lett. B},
  mrclass    = {81E99 (22E40 32G15 81E40)},
  mrnumber   = {944264},
  mrreviewer = {\"Omer O\u guz},
  year       = {1988},
}

@article {Ver88,
    AUTHOR = {Verlinde, Erik},
     TITLE = {Fusion rules and modular transformations in {$2$}{D} conformal
              field theory},
   JOURNAL = {Nuclear Phys. B},
  FJOURNAL = {Nuclear Physics. B. Theoretical, Phenomenological, and
              Experimental High Energy Physics. Quantum Field Theory and
              Statistical Systems},
    VOLUME = {300},
      YEAR = {1988},
    NUMBER = {3},
     PAGES = {360--376},
      ISSN = {0550-3213},
   MRCLASS = {81E99 (58G40 81E40)},
  MRNUMBER = {954762},
MRREVIEWER = {Peter Bouwknegt},
       DOI = {10.1016/0550-3213(88)90603-7},
       URL = {https://doi-org.libezp.lib.lsu.edu/10.1016/0550-3213(88)90603-7},
}

@Article{Wak98,
  author   = {Wakui, Michihisa},
  title    = {The universal {$R$}-matrices of the dihedral groups},
  note     = {Cohomology theory of finite groups (Japanese) (Kyoto, 1998)},
  number   = {1057},
  pages    = {41--53},
  fjournal = {S\=urikaisekikenky\=usho K\=oky\=uroku},
  journal  = {S\=urikaisekikenky\=usho K\=oky\=uroku},
  mrclass  = {20C15},
  mrnumber = {1694969},
  year     = {1998},
}

@Article{FSexp2,
  author       = {Zheyan Wan and Yilong Wang},
  title        = {Classification of spherical fusion categories of Frobenius-Schur exponent 2},
  volume       = {1811.02004},
  journal      = {arXiv preprint},
  primaryclass = {math.QA},
  year         = {2018},
}

@PhdThesis{mythesis,
  author = {Wang, Yilong},
  title  = {On integrality of SO($n$)-level 2 TQFTs},
  school = {Ohio State University},
  year   = {2018},
}

@Article{Wang19,
  author     = {Wang, Yilong},
  title      = {Modular group representations associated to {${\rm SO}(p)_2$}-{TQFTS}},
  doi        = {10.1142/S0218216519500378},
  issn       = {0218-2165},
  number     = {5},
  pages      = {1950037, 20},
  url        = {https://doi-org.libezp.lib.lsu.edu/10.1142/S0218216519500378},
  volume     = {28},
  fjournal   = {Journal of Knot Theory and its Ramifications},
  journal    = {J. Knot Theory Ramifications},
  mrclass    = {57R56 (11R04 18D10)},
  mrnumber   = {3943703},
  mrreviewer = {Ramses Fernandez-Valencia},
  year       = {2019},
}

@Book{Wang10,
  author     = {Wang, Zhenghan},
  title      = {Topological quantum computation},
  doi        = {10.1090/cbms/112},
  isbn       = {978-0-8218-4930-9},
  pages      = {xiv+115},
  publisher  = {Published for the Conference Board of the Mathematical Sciences, Washington, DC; by the American Mathematical Society, Providence, RI},
  series     = {CBMS Regional Conference Series in Mathematics},
  url        = {http://dx.doi.org/10.1090/cbms/112},
  volume     = {112},
  mrclass    = {81P68 (18D10 57M27 57R56 68Q12 81T45)},
  mrnumber   = {2640343},
  mrreviewer = {Sergiy Koshkin},
  year       = {2010},
}

@Book{Was82,
  author     = {Washington, Lawrence C.},
  title      = {Introduction to cyclotomic fields},
  doi        = {10.1007/978-1-4684-0133-2},
  isbn       = {0-387-90622-3},
  pages      = {xi+389},
  publisher  = {Springer-Verlag, New York},
  series     = {Graduate Texts in Mathematics},
  url        = {https://doi-org.libezp.lib.lsu.edu/10.1007/978-1-4684-0133-2},
  volume     = {83},
  mrclass    = {11-01 (11R18 11R23)},
  mrnumber   = {718674},
  mrreviewer = {T. Mets\"{a}nkyl\"{a}},
  year       = {1982},
}

@article {Weil64,
    AUTHOR = {Weil, Andr\'{e}},
    TITLE = {Sur certains groupes d'op\'{e}rateurs unitaires},
    JOURNAL = {Acta Math.},
    FJOURNAL = {Acta Mathematica},
    VOLUME = {111},
    YEAR = {1964},
    PAGES = {143--211},
    ISSN = {0001-5962},
    MRCLASS = {22.65 (32.65)},
    MRNUMBER = {165033},
    MRREVIEWER = {G. W. Mackey},
    DOI = {10.1007/BF02391012},
    URL = {https://doi-org.libezp.lib.lsu.edu/10.1007/BF02391012},
}

@Article{Wen92,
  author   = {Wen, Xiao-Gang},
  title    = {Theory of the edge states in fractional quantum {H}all effects},
  doi      = {10.1142/S0217979292000840},
  issn     = {0217-9792},
  number   = {10},
  pages    = {1711--1762},
  url      = {https://doi-org.libezp.lib.lsu.edu/10.1142/S0217979292000840},
  volume   = {6},
  fjournal = {International Journal of Modern Physics B},
  journal  = {Internat. J. Modern Phys. B},
  mrclass  = {82D35 (81V70)},
  mrnumber = {1170236},
  year     = {1992},
}

@Article{Wit89,
  author     = {Witten, Edward},
  title      = {Quantum field theory and the {J}ones polynomial},
  issn       = {0010-3616},
  number     = {3},
  pages      = {351--399},
  url        = {http://projecteuclid.org/euclid.cmp/1104178138},
  volume     = {121},
  fjournal   = {Communications in Mathematical Physics},
  journal    = {Comm. Math. Phys.},
  mrclass    = {57M25 (17B67 57N10 58D15 58D30 81E40)},
  mrnumber   = {990772},
  mrreviewer = {Daniel S. Freed},
  year       = {1989},
}

@Article{Wri96,
  author     = {Wright, Gretchen},
  title      = {The {R}eshetikhin-{T}uraev representation of the mapping class group at the sixth root of unity},
  doi        = {10.1142/S0218216596000412},
  issn       = {0218-2165},
  number     = {5},
  pages      = {721--739},
  url        = {http://dx.doi.org/10.1142/S0218216596000412},
  volume     = {5},
  fjournal   = {Journal of Knot Theory and its Ramifications},
  journal    = {J. Knot Theory Ramifications},
  mrclass    = {57N10},
  mrnumber   = {1414096},
  mrreviewer = {Sylvain Gervais},
  year       = {1996},
}

@book {Wie64,
    AUTHOR = {Wielandt, Helmut},
     TITLE = {Finite permutation groups},
    SERIES = {Translated from the German by R. Bercov},
 PUBLISHER = {Academic Press, New York-London},
      YEAR = {1964},
     PAGES = {x+114},
   MRCLASS = {20.20},
  MRNUMBER = {0183775},
MRREVIEWER = {N. Ito},
}
